%% This BibTeX bibliography file was created using BibDesk.
%% http://bibdesk.sourceforge.net/


%% Created for John Wright at 2015-09-12 12:33:44 -0400 


%% Saved with string encoding Unicode (UTF-8) 

@inproceedings{cohen2014solving,
  title={Solving SDD linear systems in nearly m log 1/2 n time},
  author={Cohen, Michael B and Kyng, Rasmus and Miller, Gary L and Pachocki, Jakub W and Peng, Richard and Rao, Anup B and Xu, Shen Chen},
  booktitle={Proceedings of the 46th Annual ACM Symposium on Theory of Computing},
  pages={343--352},
  year={2014},
  organization={ACM}
}

@inproceedings{miller2013parallel,
  title={Parallel graph decompositions using random shifts},
  author={Miller, Gary L and Peng, Richard and Xu, Shen Chen},
  booktitle={Proceedings of the twenty-fifth annual ACM symposium on Parallelism in algorithms and architectures},
  pages={196--203},
  year={2013},
  organization={ACM}
}

@article{blum1973time,
  title={Time bounds for selection},
  author={Blum, Manuel and Floyd, Robert W and Pratt, Vaughan and Rivest, Ronald L and Tarjan, Robert E},
  journal={Journal of computer and system sciences},
  volume={7},
  number={4},
  pages={448--461},
  year={1973},
  publisher={Elsevier}
}

@inproceedings{aaronson2007quantum,
  title={Quantum versus classical proofs and advice},
  author={Aaronson, Scott and Kuperberg, Greg},
  booktitle={Computational Complexity, 2007. CCC'07. Twenty-Second Annual IEEE Conference on},
  pages={115--128},
  year={2007},
  organization={IEEE}
}

@article{babai1995fast,
  title={Fast Monte Carlo algorithms for permutation groups},
  author={Babai, L{\'a}szl{\'o} and Cooperman, Gene and Finkelstein, Larry and Luks, Eugene and Seress, {\'A}kos},
  journal={Journal of Computer and System Sciences},
  volume={50},
  number={2},
  pages={296--308},
  year={1995},
  publisher={Elsevier}
}

@inproceedings{babai1991local,
  title={Local expansion of vertex-transitive graphs and random generation in finite groups},
  author={Babai, L{\'a}szl{\'o}},
  booktitle={Proceedings of the twenty-third annual ACM symposium on Theory of computing},
  pages={164--174},
  year={1991},
  organization={ACM}
}

@inproceedings{babai1984complexity,
  title={On the complexity of matrix group problems I},
  author={Babai, L{\'a}sz{\'\i}o and Szemer{\'e}di, Endre},
  booktitle={Foundations of Computer Science, 1984. 25th Annual Symposium on},
  pages={229--240},
  year={1984},
  organization={IEEE}
}

@article{babai1999polynomial,
  title={A polynomial-time theory of black box groups I},
  author={Babai, L{\'a}szl{\'o} and Beals, Robert},
  journal={London Mathematical Society Lecture Note Series},
  pages={30--64},
  year={1999},
  publisher={Cambridge University Press}
}

@article{kempe20033,
  title={3-local Hamiltonian is QMA-complete},
  author={Kempe, Julia and Regev, Oded},
  journal={arXiv preprint quant-ph/0302079},
  year={2003}
}

@article{babai1988arthur,
  title={Arthur-Merlin games: a randomized proof system, and a hierarchy of complexity classes},
  author={Babai, L{\'a}szl{\'o} and Moran, Shlomo},
  journal={Journal of Computer and System Sciences},
  volume={36},
  number={2},
  pages={254--276},
  year={1988},
  publisher={Elsevier}
}

@book{KSV02,
	title = {Classical and Quantum Computation},
	author = {Kitaev, A Y
			  and
			  Shen, A H
			  and
			  Vyalyi, M N},
	year = {2002}
}

@inproceedings{watrous2000succinct,
  title={Succinct quantum proofs for properties of finite groups},
  author={Watrous, John},
  booktitle={Foundations of Computer Science, 2000. Proceedings. 41st Annual Symposium on},
  pages={537--546},
  year={2000},
  organization={IEEE}
}

@incollection{liu2006consistency,
  title={Consistency of local density matrices is QMA-complete},
  author={Liu, Yi-Kai},
  booktitle={Approximation, Randomization, and Combinatorial Optimization. Algorithms and Techniques},
  pages={438--449},
  year={2006},
  publisher={Springer}
}

@article{furer1989completeness,
  title={On completeness and soundness in interactive proof systems},
  author={Furer, Martin and Goldreich, Oded and Mansour, Yishay},
  year={1989},
  publisher={Citeseer}
}

@article{kempe2006complexity,
  title={The complexity of the local Hamiltonian problem},
  author={Kempe, Julia and Kitaev, Alexei and Regev, Oded},
  journal={SIAM Journal on Computing},
  volume={35},
  number={5},
  pages={1070--1097},
  year={2006},
  publisher={SIAM}
}

@article{BFP03,
	Author = {Buhrman, Harry
			  and
			  Fortnow, Lance
			  and
			  Aduri, Pavan
			  },
	Journal = {Lecture notes in Computer Science},
	Pages = {212-222},
	Title = {Some results on derandomization},
	Volume = {2607},
	Year = {2003},
	howpublished = "\url{http://people.cs.uchicago.edu/~fortnow/papers/derand.pdf}",
	note = {\verb|http://people.cs.uchicago.edu/~fortnow/papers/derand.pdf|}
}

@book{vadhan2012pseudorandomness,
  title={\href{http://people.seas.harvard.edu/~salil/pseudorandomness/pseudorandomness-published-Dec12.pdf}{Pseudorandomness}},
  author={Vadhan, Salil P},
  Year = {2012}
}

@article{Sho97,
	Author = {Shor, Peter},
	Date-Added = {2015-09-12 16:33:26 +0000},
	Date-Modified = {2015-09-12 16:33:43 +0000},
	Journal = {SIAM journal on computing},
	Number = {5},
	Pages = {1484--1509},
	Title = {Polynomial-time algorithms for prime factorization and discrete logarithms on a quantum computer},
	Volume = {26},
	Year = {1997}}

@article{Vaz04,
	Author = {Vazirani, Umesh},
	Title = {\href{http://www.cs.berkeley.edu/~vazirani/f04quantum/notes/lec9.pdf}{Shor's factoring algorithm} 
	},
	Year = {Fall 2004},
	Journal = {CS 294-2},
	howpublished = "\url{http://www.cs.berkeley.edu/~vazirani/f04quantum/notes/lec9.pdf}",
	note = {\verb|http://www.cs.berkeley.edu/~vazirani/f04quantum/notes/lec9.pdf|}
}

@article{RV05,
  Author = {Guruswami, Venkat and O'Donnell, Ryan},
  Title = {\url{http://courses.cs.washington.edu/courses/cse533/05au/}}
}

@article{Alb83,
	Author = {Albert, David},
	Journal = {Physics Letters A},
	Number = {5},
	Pages = {249--252},
	Publisher = {Elsevier},
	Title = {On quantum-mechanical automata},
	Volume = {98},
	Year = {1983}}

@article{Ben73,
	Author = {Bennett, Charles},
	Journal = {IBM Journal of Research and Development},
	Number = {6},
	Pages = {525--532},
	Publisher = {IBM},
	Title = {Logical reversibility of computation},
	Volume = {17},
	Year = {1973}}

@article{Ben80,
	Author = {Benioff, Paul},
	Journal = {Journal of Statistical Physics},
	Number = {5},
	Pages = {563--591},
	Publisher = {Springer},
	Title = {The computer as a physical system: {A} microscopic quantum mechanical {H}amiltonian model of computers as represented by {T}uring machines},
	Volume = {22},
	Year = {1980}}

@inproceedings{Deu85,
	Author = {Deutsch, David},
	Booktitle = {Proceedings of the Royal Society of London A: Mathematical, Physical and Engineering Sciences},
	Number = {1818},
	Pages = {97--117},
	Title = {Quantum theory, the {C}hurch--{T}uring principle and the universal quantum computer},
	Volume = {400},
	Year = {1985}}

@inproceedings{Deu89,
	Author = {Deutsch, David},
	Booktitle = {Proceedings of the Royal Society of London A: Mathematical, Physical and Engineering Sciences},
	Number = {1868},
	Pages = {73--90},
	Title = {Quantum computational networks},
	Volume = {425},
	Year = {1989}}

@article{Fey82,
	Author = {Feynman, Richard},
	Journal = {International Journal of Theoretical Physics},
	Number = {6/7},
	Pages = {467--488},
	Title = {Simulating physics with computers},
	Volume = {21},
	Year = {1982}}

@article{Fey86,
	Author = {Feynman, Richard},
	Journal = {Foundations of Physics},
	Number = {6},
	Pages = {507--531},
	Publisher = {Springer},
	Title = {Quantum mechanical computers},
	Volume = {16},
	Year = {1986}}

@article{Lan61,
	Author = {Landauer, Rolf},
	Journal = {IBM Journal of Research and Development},
	Number = {3},
	Pages = {183--191},
	Publisher = {IBM},
	Title = {Irreversibility and heat generation in the computing process},
	Volume = {5},
	Year = {1961}}

@inproceedings{kane2010exact,
  title={On the exact space complexity of sketching and streaming small norms},
  author={Kane, Daniel M and Nelson, Jelani and Woodruff, David P},
  booktitle={Proceedings of the twenty-first annual ACM-SIAM symposium on Discrete Algorithms},
  pages={1161--1178},
  year={2010},
  organization={Society for Industrial and Applied Mathematics}
}

@article{kane2010derandomized,
  title={A derandomized sparse {J}ohnson-{L}indenstrauss transform},
  author={Kane, Daniel M and Nelson, Jelani},
  journal={arXiv preprint arXiv:1006.3585},
  year={2010}
}

@inproceedings{huang2015making,
  title={Making the most of your samples},
  author={Huang, Zhiyi and Mansour, Yishay and Roughgarden, Tim},
  booktitle={Proceedings of the Sixteenth ACM Conference on Economics and Computation},
  pages={45--60},
  year={2015},
  organization={ACM}
}

@article{alon2016testing,
  title={Testing {E}quality in {C}ommunication {G}raphs},
  author={Alon, Noga and Efremenko, Klim and Sudakov, Benny},
  journal={arXiv preprint arXiv:1605.01658},
  year={2016}
}

@article{arora2009expander,
  title={Expander flows, geometric embeddings and graph partitioning},
  author={Arora, Sanjeev and Rao, Satish and Vazirani, Umesh},
  journal={Journal of the ACM (JACM)},
  volume={56},
  number={2},
  pages={5},
  year={2009},
  publisher={ACM}
}

@article{arora1998probabilistic,
  title={Probabilistic checking of proofs: A new characterization of NP},
  author={Arora, Sanjeev and Safra, Shmuel},
  journal={Journal of the ACM (JACM)},
  volume={45},
  number={1},
  pages={70--122},
  year={1998},
  publisher={ACM}
}

@article{arora1998proof,
  title={Proof verification and the hardness of approximation problems},
  author={Arora, Sanjeev and Lund, Carsten and Motwani, Rajeev and Sudan, Madhu and Szegedy, Mario},
  journal={Journal of the ACM (JACM)},
  volume={45},
  number={3},
  pages={501--555},
  year={1998},
  publisher={ACM}
}

@article{haastad2001some,
  title={Some optimal inapproximability results},
  author={H{\aa}stad, Johan},
  journal={Journal of the ACM (JACM)},
  volume={48},
  number={4},
  pages={798--859},
  year={2001},
  publisher={ACM}
}

@article{dinur2007pcp,
  title={The PCP theorem by gap amplification},
  author={Dinur, Irit},
  journal={Journal of the ACM (JACM)},
  volume={54},
  number={3},
  pages={12},
  year={2007},
  publisher={ACM}
}